@article{church-1932-spfl,
  author="A. Church",
  title="A Set of Postulates for the Foundations of Logic",
  journal="Annals of Mathematics",
  volume=33,
  pages="346--366",
  number=1,
  month=aug,
  year=1932
}

@article{girard-1989-pt,
  author="J.-Y. Girard and Y. Lafont and P. Taylor",
  title="Proofs and Types",
  journal="Tracks in Theoretical Computer Science",
  year=1989
}

@inproceedings{reynolds-1974-ttts,
  author="John. C. Reynolds",
  title="Towards a Theory of Type Systems",
  booktitle="Lecture Notes in Computer Science",
  year=1974,
  editor="Ehring et al.",
  volume=19,
  pages="408--425",
  publisher="Springer-Verlag"
}

@phdthesis{paulin-1989-epscc,
  author="C. Paulin-Mohring",
  title="Extraction de Programmes Dans le Calcul des Constructions",
  month=jan,
  school="Universit{\'e} Paris 7",
  year=1989,
  url="http://www.lri.fr/~paulin/these.ps.gz"
}

@phdthesis{necula-1998-cp,
  title = "Compiling with Proofs",
  author = "G. Necula",
  school = "Carnegie Mellon University",
  year = 1998,
  month=sep,
  number = "CMU-CS-98-154"
}

@inproceedings{pfenning-1990-pmfps,
  author="F. Pfenning and C. Paulin-Mohring",
  booktitle="Proceedings of Mathematical Foundations of "
           # "Programming Semantics",
  note="technical report CMU-CS-89-209",
  publisher="Springer-Verlag",
  address = "Berlin",
  series="Lecture Notes in Computer Science",
  volume=442,
  title="Inductively defined types in the Calculus of Constructions",
  year=1990
}

@incollection{paulin-1993-iddcrp,
  author= "Christine Paulin-Mohring",
  title = "Inductive Definitions in the System {Coq}: Rules and Properties",
  booktitle = "Proceedings of the 1st Int.\ Conf.\ on Typed Lambda Calculi "
           # "and Applications, {TLCA}'93, Utrecht, The Netherlands, "
	   # "16--18 March 1993",
  volume = 664,
  publisher = "Springer-Verlag",
  address = "Berlin",
  editor = "M. Bezem and J. F. Groote",
  pages = "328--345",
  year = 1993,
  url = "citeseer.nj.nec.com/paulin-mohring92inductive.html",
  howpublished = {\url{citeseer.nj.nec.com/paulin-mohring92inductive.html}}
}

@misc{mt,
  author = "Mark Smotherman",
  title = "History of Multithreading",
  url = "http://people.cs.clemson.edu/~mark/multithreading.html",
  year=2015,
  howpublished = {\url{http://people.cs.clemson.edu/~mark/multithreading.html}}
}
